<?xml version="1.0" encoding="UTF-8"?><collection xmlns="http://www.loc.gov/MARC21/slim"><record><leader>00312nam--2200109-i-4500</leader><controlfield tag="001">000022342</controlfield><controlfield tag="002">20161230</controlfield><controlfield tag="005">20161230201034</controlfield><controlfield tag="008">060222s1000------------r-----000-0-eng-d</controlfield><datafield ind1=" " ind2=" " tag="100"><subfield code="a">Haraga, C</subfield></datafield><datafield ind1=" " ind2=" " tag="245"><subfield code="a">Pile de recherche d`une puissance thermique de 2000 kw de l`inst.de physique  atomique de bucarest</subfield></datafield><datafield ind1=" " ind2=" " tag="852"><subfield code="a">20028</subfield></datafield></record></collection>